<collection xmlns="http://www.loc.gov/MARC21/slim">
<record>
  <leader>01411nam0a22002891i 450 </leader>
  <controlfield tag="001">IT\ICCU\CNCE\067895</controlfield>
  <controlfield tag="005">20060913000000.0</controlfield>
  <datafield tag="012" ind1=" " ind2=" ">
    <subfield code="a">usum s,e, E.C, duCu (3) 1572 (R)</subfield>
    <subfield code="2">fei</subfield>
  </datafield>
  <datafield tag="100" ind1=" " ind2=" ">
    <subfield code="a">20060908d1572        0itac0103    ba</subfield>
  </datafield>
  <datafield tag="101" ind1=" " ind2=" ">
    <subfield code="a">LAT</subfield>
  </datafield>
  <datafield tag="102" ind1=" " ind2=" ">
    <subfield code="a">IT</subfield>
  </datafield>
  <datafield tag="200" ind1="1" ind2=" ">
    <subfield code="a">Euclidis Elementorum libri 15. Una cum scholijs antiquis / A federico Commandino Vrbinate nuper in Latinum conuersi, commentarijsque quibusdam illustrati</subfield>
  </datafield>
  <datafield tag="210" ind1=" " ind2=" ">
    <subfield code="a">Pesaro</subfield>
    <subfield code="c">apud Camillum Francischinum</subfield>
    <subfield code="d">1572</subfield>
  </datafield>
  <datafield tag="215" ind1=" " ind2=" ">
    <subfield code="a">\12!, 255 c.</subfield>
    <subfield code="c">ill.</subfield>
    <subfield code="d">2? (31 cm)</subfield>
  </datafield>
  <datafield tag="300" ind1=" " ind2=" ">
    <subfield code="a">Il nome dell&apos;ed. nel colophon. -  Segn.: *6 2*6 A-3S4. -  Cornice xil. -  Adams E984</subfield>
  </datafield>
  <datafield tag="620" ind1=" " ind2=" ">
    <subfield code="a">IT</subfield>
    <subfield code="d">Pesaro</subfield>
  </datafield>
  <datafield tag="700" ind1=" " ind2="0">
    <subfield code="a">Euclides</subfield>
    <subfield code="3">IT\ICCU\CNCA\005103</subfield>
  </datafield>
  <datafield tag="702" ind1=" " ind2="1">
    <subfield code="a">Commandino,</subfield>
    <subfield code="b">Federico</subfield>
    <subfield code="3">IT\ICCU\CNCA\000220</subfield>
  </datafield>
  <datafield tag="712" ind1="0" ind2="0">
    <subfield code="a">Franceschini, Camillo</subfield>
    <subfield code="3">IT\ICCU\CNCT\000546</subfield>
    <subfield code="4">650</subfield>
  </datafield>
  <datafield tag="790" ind1=" " ind2="0">
    <subfield code="a">Eukleides</subfield>
    <subfield code="3">IT\ICCU\CNCA\022554</subfield>
    <subfield code="z">Euclides</subfield>
  </datafield>
  <datafield tag="790" ind1=" " ind2="1">
    <subfield code="a">Commandini,</subfield>
    <subfield code="b">Federico</subfield>
    <subfield code="3">IT\ICCU\CNCA\013347</subfield>
    <subfield code="z">Commandino, Federico</subfield>
  </datafield>
  <datafield tag="790" ind1=" " ind2="1">
    <subfield code="a">Commandinus,</subfield>
    <subfield code="b">Federicus</subfield>
    <subfield code="3">IT\ICCU\CNCA\013348</subfield>
    <subfield code="z">Commandino, Federico</subfield>
  </datafield>
  <datafield tag="791" ind1="0" ind2="0">
    <subfield code="a">Francischinus, Camillus</subfield>
    <subfield code="3">IT\ICCU\CNCT\003811</subfield>
    <subfield code="z">Franceschini, Camillo</subfield>
  </datafield>
  <datafield tag="801" ind1=" " ind2="3">
    <subfield code="a">IT</subfield>
    <subfield code="b">ICCU</subfield>
    <subfield code="c">20201115</subfield>
  </datafield>
  <datafield tag="899" ind1=" " ind2=" ">
    <subfield code="a">Biblioteca nazionale Braidense. Milano</subfield>
    <subfield code="1">MI0185</subfield>
    <subfield code="2">MIL NB</subfield>
  </datafield>
  <datafield tag="899" ind1=" " ind2=" ">
    <subfield code="a">Biblioteca comunale Paroniana. Rieti</subfield>
    <subfield code="1">RI0126</subfield>
    <subfield code="2">RMS B5</subfield>
  </datafield>
  <datafield tag="899" ind1=" " ind2=" ">
    <subfield code="a">Biblioteca del Dipartimento di matematica Giuseppe Peano dell&apos;Universita&apos; degli studi. Torino</subfield>
    <subfield code="1">TO0650</subfield>
    <subfield code="2">UTO 05</subfield>
  </datafield>
</record>
</collection>
